@book{Stroock,
 ISBN = {9780691115436},
 URL = {http://www.jstor.org/stable/j.ctt7zvdpb},
 abstract = {Kiyosi Itô's greatest contribution to probability theory may be his introduction of stochastic differential equations to explain the Kolmogorov-Feller theory of Markov processes. },
 author = {Daniel W. Stroock},
 publisher = {Princeton University Press},
 title = {Markov Processes from K. Ito's Perspective (AM-155)},
 urldate = {2024-04-12},
 year = {2003}
}

@book{LeGall,
  title={Brownian motion, martingales, and stochastic calculus},
  author={Le Gall, Jean-Fran{\c{c}}ois},
  year={2016},
  publisher={Springer}
}

@book{STROOCK_2019,
    place={S.l.},
    title={Elements of stochastic calculus and analysis},
    publisher={SPRINGER},
    author={STROOCK, DANIEL W.}, year={2019}
} 

@book{RevuzYor1999,
  title={Continuous Martingales and Brownian Motion},
  author={Daniel Revuz and Marc Yor},
  series={Grundlehren der mathematischen Wissenschaften},
  doi={https://doi.org/10.1007/978-3-662-06400-9},
  publisher={Springer Berlin, Heidelberg},
  isbn={978-3-540-64325-8},
  url={https://doi.org/10.1007/978-3-662-06400-9},
  year={1999},
}

@article{Wong1969,
  author = {Wong, E. and Zakai, M.},
  year = {1969},
  title = {Riemann-Stieltjes approximations of stochastic integrals},
  journal = {Zeitschrift für Wahrscheinlichkeitstheorie und Verwandte Gebiete},
  volume = {12},
  number = {2},
  pages = {87-97},
  month = {06},
  day = {01},
  issn = {1432-2064},
  doi = {10.1007/BF00531642},
  url = {https://doi.org/10.1007/BF00531642},
}

@book{Hsu2002,
  author = {Hsu, Elton P.},
  year = {2002},
  title = {Stochastic Analysis on Manifolds},
  publisher = {American Mathematical Society},
  isbn = {978-0-8218-0802-3},
  url = {https://bookstore.ams.org/gsm-38},
}